%% Application
@inproceedings{clover,
author = {Tsai, Shin-Yeh and Shan, Yizhou and Zhang, Yiying},
title = {Disaggregating Persistent Memory and Controlling Them Remotely: An Exploration of Passive Disaggregated Key-Value Stores},
year = {2020},
booktitle = {ATC},
}

@inproceedings{sherman,
author = {Wang, Qing and Lu, Youyou and Shu, Jiwu},
title = {Sherman: A Write-Optimized Distributed B+Tree Index on Disaggregated Memory},
year = {2022},
booktitle = {SIGMOD},
}

@inproceedings {aifm,
author = {Zhenyuan Ruan and Malte Schwarzkopf and Marcos K. Aguilera and Adam Belay},
title = {{AIFM}: {High-Performance}, {Application-Integrated} Far Memory},
booktitle = {{{OSDI}}},
year = {2020},
}

@article{ramcloud,
  author = {Ousterhout, John and Agrawal, Parag and Erickson, David and Kozyrakis, Christos and Leverich, Jacob and Mazi{\`e}res, David and Mitra, 
  Subhasish and Narayanan, Aravind and Parulkar, Guru and Rosenblum, Mendel and others},
  title = {{The Case for RAMClouds: Scalable High-performance Storage Entirely in DRAM}},
  journal = {SIGOPS OSR},
  year = {2010}
}

%% Workload
@inproceedings{ycsb_workload,
author = {Cooper, Brian F. and Silberstein, Adam and Tam, Erwin and Ramakrishnan, Raghu and Sears, Russell}, 
title = {{Benchmarking Cloud Serving Systems with YCSB}}, 
year = {2010},
isbn = {9781450300360}, 
publisher = {Association for Computing Machinery}, 
address = {New York, NY, USA}, 
url = {https://doi.org/10.1145/1807128.1807152},
doi = {10.1145/1807128.1807152}, 
booktitle = {Proceedings of the 1st ACM Symposium on Cloud Computing}, 
pages = {143–154}, 
numpages = {12}, 
keywords = {cloud serving database, benchmarking}, 
location = {Indianapolis, Indiana, USA}, 
series = {SoCC '10}
}


@inproceedings{cloud1,
  title={A review on amazon web service (aws), microsoft azure \& google cloud platform (gcp) services},
  author={Gupta, Bulbul and Mittal, Pooja and Mufti, Tabish},
  booktitle={Proceedings of the 2nd International Conference on ICT for Digital, Smart, and Sustainable Development, ICIDSSD 2020, 27-28 February 2020, Jamia Hamdard, New Delhi, India},
  year={2021}
}

@inproceedings{cloud2,
  title={Comparison of the IoT platform vendors, microsoft Azure, Amazon web services, and Google cloud, from users’ perspectives},
  author={Ucuz, Derya and others},
  booktitle={2020 8th international symposium on digital forensics and security (ISDFS)},
  pages={1--4},
  year={2020},
  organization={IEEE}
}

@inproceedings{cloud3,
  title={Cloud computing: Comparison and analysis of cloud service providers-AWs, Microsoft and Google},
  author={Saraswat, Manish and Tripathi, RC},
  booktitle={2020 9th international conference system modeling and advancement in research trends (SMART)},
  pages={281--285},
  year={2020},
  organization={IEEE}
}




@misc{aws,
title = {{Cloud Compute Services - Amazon Web Services (AWS)}},
author = {Amazon},
year = {2024},
howpublished = "\url{https://aws.amazon.com/}"
}

@misc{azure,
title = {{Microsoft Azure: Cloud Computing Services}},
author = {Microsoft},
year = {2024},
howpublished = "\url{https://azure.microsoft.com/}"
}
@article{challenge1,
  title={Memory disaggregation: advances and open challenges},
  author={Al Maruf, Hasan and Chowdhury, Mosharaf},
  journal={ACM SIGOPS Operating Systems Review},
  volume={57},
  number={1},
  pages={29--37},
  year={2023},
  publisher={ACM New York, NY, USA}
}