
@misc{industry0,
  title = {{High Throughput Computing Data Center Architecture}},
  howpublished = "\url{http://www.huawei.com/ilink/en/download/HW_349607}",
}

@misc{industry1,
  title = {{The Machine: A new kind of computer}},
  howpublished = "\url{https://www.hpl.hp.com/research/systems-research/themachine/}",
}

@misc{industry2,
  title = {{Intel Rack Scale Design: Just what is it?}},
  howpublished = "\url{https://www.datacenterdynamics.com/en/opinions/intel-rack-scale-design-just-what-is-it/}",
}

@misc{industry3,
  title = {{Facebook’s Disaggregated Racks Strategy Provides an Early Glimpse into Next Gen Cloud Computing Data Center Infrastructures}},
  howpublished = "\url{https://dcig.com/2015/01/facebooks-disaggregated-racks-strategy-provides-early-glimpse-next-gen-cloud-computing.html}",
}

@misc{industry4,
  title = {{Rack-scale Computing}},
  howpublished = "\url{https://www.microsoft.com/en-us/research/project/rack-scale-computing/}",
}

@misc{industry5,
  title = {{In Bid for Major Carriers and Service Providers, Dell EMC Rack Scale Infrastructure Offers `Hyperscale Principles'}},
  howpublished = "\url{https://www.enterpriseai.news/2017/09/12/bid-major-carriers-service-providers-dell-emc-rack-scale-infrastructure-offers-hyperscale-principles/}",
}

@misc{terabitethernet,
  title = {{Terabit Ethernet: The New Hot Trend in Data Centers}},
  howpublished = {\url{https://www.lanner-america.com/blog/terabit-ethernet-new-hot-trend-data-centers/}},
  year = {2019}
}

@misc{agg1,
  title = {{Mellanox Scalable Hierarchical Aggregation and Reduction Protocol (SHARP)}},
  howpublished = "\url{https://www.mellanox.com/products/sharp}"
}

@inproceedings{agg2,
  author = {Sapio, Amedeo and Abdelaziz, Ibrahim and Aldilaijan, Abdulla and Canini, Marco and Kalnis, Panos},
  title = {{In-Network Computation is a Dumb Idea Whose Time Has Come}},
  year = {2017},
  booktitle = {HotNets},
}

@misc{agg3,
  title={{Scaling Distributed Machine Learning with In-Network Aggregation}}, 
  author={Amedeo Sapio and Marco Canini and Chen-Yu Ho and Jacob Nelson and Panos Kalnis and Changhoon Kim and Arvind Krishnamurthy and Masoud Moshref and Dan R. K. Ports and Peter Richtárik},
  year={2020},
  eprint={1903.06701},
  archivePrefix={arXiv},
  primaryClass={cs.DC}
}


@misc{msi,
  title = {{MSI Protocol}},
  howpublished = "\url{https://en.wikipedia.org/wiki/MSI_protocol}",
}

@misc{mosi,
  title = {{MOSI Protocol}},
  howpublished = "\url{https://en.wikipedia.org/wiki/MOSI_protocol}",
}

@misc{mesi,
  title = {{MESI Protocol}},
  howpublished = "\url{https://en.wikipedia.org/wiki/MESI_protocol}",
}

@misc{moesi,
  title = {{MOESI Protocol}},
  howpublished = "\url{https://en.wikipedia.org/wiki/MOESI_protocol}",
}

@misc{mesif,
  title = {{MESIF Protocol}},
  howpublished = "\url{https://en.wikipedia.org/wiki/MESIF_protocol}",
}

@misc{pagemigrations,
  title = {{Page Migrations}},
  howpublished = "\url{https://www.kernel.org/doc/html/latest/vm/page_migration.html}"
}

@inproceedings{rmt,
  author = {Bosshart, Pat and Gibb, Glen and Kim, Hun-Seok and Varghese, George and McKeown, Nick and Izzard, Martin and Mujica, Fernando and Horowitz, Mark},
  title = {{Forwarding Metamorphosis: Fast Programmable Match-Action Processing in Hardware for SDN}},
  year = {2013},
  booktitle = {SIGCOMM},
}

@misc{u250,
  title = {Alveo U250 Data Center Accelerator Card},
  howpublished = "\url{https://www.xilinx.com/products/boards-and-kits/alveo/u250.html}",
}

@article{endtoend,
author = {Saltzer, J. H. and Reed, D. P. and Clark, D. D.},
title = {End-to-End Arguments in System Design},
year = {1984},
issue_date = {Nov. 1984},
publisher = {Association for Computing Machinery},
address = {New York, NY, USA},
volume = {2},
number = {4},
issn = {0734-2071},
url = {https://doi.org/10.1145/357401.357402},
doi = {10.1145/357401.357402},
journal = {ACM Trans. Comput. Syst.},
month = {nov},
pages = {277–288},
numpages = {12},
keywords = {design principles, data communication, protocol design}
}