


@misc{p4,
  title = {{P4}},
  howpublished = "\url{https://p4.org/}",
}

@inproceedings{dcp4,
  author = {Sivaraman, Anirudh and Kim, Changhoon and Krishnamoorthy, Ramkumar and Dixit, Advait and Budiu, Mihai},
  title = {{DC.P4: Programming the Forwarding Plane of a Data-Center Switch}},
  year = {2015},
  booktitle = {SOSR},
}

@article{p4paper,
  author = {Bosshart, Pat and Daly, Dan and Gibb, Glen and Izzard, Martin and McKeown, Nick and Rexford, Jennifer and Schlesinger, Cole and Talayco, Dan and Vahdat, Amin and Varghese, George and Walker, David},
  title = {{P4: Programming Protocol-Independent Packet Processors}},
  year = {2014},
  journal = {SIGCOMM CCR},
}

@misc{prognic1,
  title = {{High-Performance Programmable SmartNICs}},
  howpublished = "\url{https://www.mellanox.com/products/smartnic}",
}

@misc{prognic2,
  title = {{Stingray SmartNIC Adapters and IC}},
  howpublished = "\url{https://www.broadcom.com/products/ethernet-connectivity/smartnic}",
}

@misc{prognic3,
  title = {{SmartNIC Shell: Jumpstart your 100G NIC project}},
  howpublished = "\url{https://www.bittware.com/fpga/smartnic/}",
}