@inproceedings{flint,
  title={{Serverless data analytics with Flint}},
  author={Kim, Youngbin and Lin, Jimmy},
  booktitle={IEEE International Conference on Cloud Computing (CLOUD '18)},
  pages={451--455},
  organization={IEEE}
}

@inproceedings{refcount1,
author = {Wilson, Paul R.},
title = {Uniprocessor Garbage Collection Techniques},
year = {1992},
booktitle = {International Workshop on Memory Management (IWMM)},
}

@inproceedings{refcount2,
  title={Distributed garbage collection using reference counting},
  author={Bevan, David I},
  booktitle={International Conference on Parallel Architectures and Languages Europe},
  year={1987},
  organization={Springer}
}

@article{refcount3,
title = {Feasibility of automatic storage reclamation with concurrent program execution in a LISP environment. Master's thesis},
author = {Cassidy, K G},
url = {https://www.osti.gov/biblio/5792943}, 
year = {1985},
}

@inproceedings {caerus,
author = {Hong Zhang and Yupeng Tang and Anurag Khandelwal and Jingrong Chen and Ion Stoica},
title = {Caerus: {NIMBLE} Task Scheduling for Serverless Analytics},
booktitle = {NSDI},
year = {2021},
}

@article{cloudburst,
  title={Cloudburst: Stateful functions-as-a-service},
  author={Sreekanti, Vikram and Lin, Chenggang Wu Xiayue Charles and Faleiro, Jose M and Gonzalez, Joseph E and Hellerstein, Joseph M and Tumanov, Alexey},
  journal={arXiv preprint arXiv:2001.04592},
  year={2020}
}

@inproceedings{boxwood,
 author = {MacCormick, John and Murphy, Nick and Najork, Marc and Thekkath, Chandramohan A. and Zhou, Lidong},
 title = {Boxwood: Abstractions As the Foundation for Storage Infrastructure},
 booktitle = {Symposium on Operating Systems Design and Implementation (OSDI'04)},
}

@inproceedings {memshare,
author = {Asaf Cidon and Daniel Rushton and Stephen M. Rumble and Ryan Stutsman},
title = {Memshare: a Dynamic Multi-tenant Key-value Cache},
booktitle = {{USENIX} Annual Technical Conference ({USENIX} {ATC}'17)},
}

@inproceedings {snowset,
author = {Midhul Vuppalapati and Justin Miron and Rachit Agarwal and Dan Truong and Ashish Motivala and Thierry Cruanes},
title = {Building an Elastic Query Engine on Disaggregated Storage},
booktitle = {{USENIX} Networked Systems Design and Implementation ({USENIX} {NSDI}'20)},
}


@inproceedings{serverless-graph,
  author={L. {Toader} and A. {Uta} and A. {Musaafir} and A. {Iosup}},
  booktitle={International Symposium on Parallel and Distributed Computing (ISPDC'19)}, 
  title={Graphless: Toward Serverless Graph Processing}, 
  year={2019},
}

@inproceedings{sinfonia,
 author = {Aguilera, Marcos K. and Merchant, Arif and Shah, Mehul and Veitch, Alistair and Karamanolis, Christos},
 title = {Sinfonia: A New Paradigm for Building Scalable Distributed Systems},
 booktitle = {ACM Symposium on Operating Systems Principles (SOSP '07)},
}

@inproceedings{functionshipping2,
  title={{Mercury: Enabling remote procedure call for high-performance computing}},
  author={Soumagne, Jerome and Kimpe, Dries and Zounmevo, Judicael and Chaarawi, Mohamad and Koziol, Quincey and Afsahi, Ahmad and Ross, Robert},
  booktitle={IEEE International Conference on Cluster Computing (CLUSTER)},
  year={2013}
}

@inproceedings{functionshipping3,
 author = {Song, Yee Jiun and Aguilera, Marcos K. and Kotla, Ramakrishna and Malkhi, Dahlia},
 title = {{RPC Chains: Efficient Client-server Communication in Geodistributed Systems}},
 booktitle = {USENIX Symposium on Networked Systems Design and Implementation (NSDI)},
 year = {2009},
}

@misc{functionshipping1,
  title = {{Function Shipping: Separating Logical and Physical Tiers}},
  howpublished = "\url{https://docs.oracle.com/cd/A87860_01/doc/appdev.817/a86030/adx16nt4.htm}",  
}

@book{virtualmem,
 author = {Bhattacharjee, Abhishek and Lustig, Daniel and Martonosi, Margaret},
 title = {Architectural and Operating System Support for Virtual Memory},
 year = {2017},
 isbn = {1627056025, 9781627056021},
 publisher = {Morgan \& Claypool Publishers},
}


@inproceedings {gg,
author = {Sadjad Fouladi and Francisco Romero and Dan Iter and Qian Li and Shuvo Chatterjee and Christos Kozyrakis and Matei Zaharia and Keith Winstein},
title = {From Laptop to Lambda: Outsourcing Everyday Jobs to Thousands of Transient Functional Containers},
booktitle = {{USENIX} Annual Technical Conference ({USENIX} {ATC}'19)},
}

@inproceedings{googletrace,
 author = {Reiss, Charles and Tumanov, Alexey and Ganger, Gregory R. and Katz, Randy H. and Kozuch, Michael A.},
 title = {Heterogeneity and Dynamicity of Clouds at Scale: Google Trace Analysis},
 booktitle = {ACM Symposium on Cloud Computing (SoCC '12)},
} 

@article{numpywren,
  title={{numpywren: serverless linear algebra}},
  author={Vaishaal Shankar and Karl Krauth and Qifan Pu and Eric Jonas and Shivaram Venkataraman and Ion Stoica and Benjamin Recht and Jonathan Ragan-Kelley},
  year={2018},
  journal={arXiv preprint arXiv:1810.09679},
}

@inproceedings{malacology,
 author = {Sevilla, Michael A. and Watkins, Noah and Jimenez, Ivo and Alvaro, Peter and Finkelstein, Shel and LeFevre, Jeff and Maltzahn, Carlos},
 title = {Malacology: A Programmable Storage System},
 booktitle = {ACM European Conference on Computer Systems (EuroSys '17)},
 pages = {175--190},
}

@inproceedings{comet,
 author = {Geambasu, Roxana and Levy, Amit A. and Kohno, Tadayoshi and Krishnamurthy, Arvind and Levy, Henry M.},
 title = {Comet: An Active Distributed Key-value Store},
 booktitle = {USENIX Conference on Operating Systems Design and Implementation (OSDI'10)},
 pages = {323--336},
}

@inproceedings {ray,
  author = {Philipp Moritz and Robert Nishihara and Stephanie Wang and Alexey Tumanov and Richard Liaw and Eric Liang and Melih Elibol and Zongheng Yang and William Paul and Michael I. Jordan and Ion Stoica},
  title = {Ray: A Distributed Framework for Emerging {AI} Applications},
  booktitle = {USENIX Symposium on Operating Systems Design and Implementation (OSDI'18)},
  pages = {561--577},
}

@inproceedings{sparkstreaming,
 author = {Zaharia, Matei and Das, Tathagata and Li, Haoyuan and Hunter, Timothy and Shenker, Scott and Stoica, Ion},
 title = {{Discretized Streams: Fault-tolerant Streaming Computation at Scale}},
 booktitle = {{ACM Symposium on Operating Systems Principles (SOSP '13)}},
 pages = {423--438},
} 

@techreport{berkeley-serverless,
    Author = {Jonas, Eric and Schleier-Smith, Johann and Sreekanti, Vikram and Tsai, Chia-Che and Khandelwal, Anurag and Pu, Qifan and Shankar, Vaishaal and Menezes Carreira, Joao and Krauth, Karl and Yadwadkar, Neeraja and Gonzalez, Joseph and Popa, Raluca Ada and Stoica, Ion and Patterson, David A.},
    Title = {Cloud Programming Simplified: A Berkeley View on Serverless Computing},
    Institution = {EECS Department, University of California, Berkeley},
    Year = {2019},
    Number = {UCB/EECS-2019-3},
}

@article{joe-serverless,
  title={Serverless computing: One step forward, two steps back},
  author={Hellerstein, Joseph M and Faleiro, Jose and Gonzalez, Joseph E and Schleier-Smith, Johann and Sreekanti, Vikram and Tumanov, Alexey and Wu, Chenggang},
  journal={arXiv preprint arXiv:1812.03651},
  year={2018}
}

@article{whiz,
  title={Whiz: A Fast and Flexible Data Analytics System},
  author={Grandl, Robert and Singhvi, Arjun and Viswanathan, Raajay and Akella, Aditya},
  journal={arXiv preprint arXiv:1703.10272},
  year={2017}
}}

@inproceedings {memorycentric,
  author = {Paolo Faraboschi and Kimberly Keeton and Tim Marsland and Dejan Milojicic},
  title = {Beyond Processor-centric Operating Systems},
  booktitle = {USENIX Workshop on Hot Topics in Operating Systems ({HotOS} 15)},
}

@article{anna,
  title={Autoscaling tiered cloud storage in Anna},
  author={Wu, Chenggang and Sreekanti, Vikram and Hellerstein, Joseph M},
  journal={Proceedings of the VLDB Endowment},
  volume={12},
  number={6},
  pages={624--638},
  year={2019},
  publisher={VLDB Endowment}
}

@book{golub2012matrix,
  title={Matrix computations},
  author={Golub, Gene H and Van Loan, Charles F},
  volume={3},
  year={2012},
  publisher={JHU Press}
}

@inproceedings{openlambda,
  title={Serverless computation with openlambda},
  author={Hendrickson, Scott and Sturdevant, Stephen and Harter, Tyler and Venkataramani, Venkateshwaran and Arpaci-Dusseau, Andrea C and Arpaci-Dusseau, Remzi H},
  booktitle={8th USENIX Workshop on Hot Topics in Cloud Computing (HotCloud 16)},
  year={2016}
}

@inproceedings{multicast1,
 author={Banavar, Guruduth and Chandra, Tushar and Mukherjee, Bodhi and Nagarajarao, Jay and Strom, Robert E and Sturman, Daniel C},
 title = {An Efficient Multicast Protocol for Content-Based Publish-Subscribe Systems},
 booktitle = {IEEE International Conference on Distributed Computing Systems (ICDS)},
 year = {1999},
} 

@article{mapreduce,
  title={MapReduce: simplified data processing on large clusters},
  author={Dean, Jeffrey and Ghemawat, Sanjay},
  journal={Communications of the ACM},
  volume={51},
  number={1},
  pages={107--113},
  year={2008},
  publisher={ACM}
}

@inproceedings{multicast2,
 author = {Opyrchal, Lukasz and Astley, Mark and Auerbach, Joshua and Banavar, Guruduth and Strom, Robert and Sturman, Daniel},
 title = {Exploiting IP Multicast in Content-based Publish-subscribe Systems},
 booktitle = {IFIP/ACM International Conference on Distributed Systems Platforms},
 year = {2000},
 pages = {185--207},
}

@inproceedings{pregel,
  title={Pregel: a system for large-scale graph processing},
  author={Malewicz, Grzegorz and Austern, Matthew H and Bik, Aart JC and Dehnert, James C and Horn, Ilan and Leiser, Naty and Czajkowski, Grzegorz},
  booktitle={Proceedings of the 2010 ACM SIGMOD International Conference on Management of data},
  pages={135--146},
  year={2010},
  organization={ACM}
}

@inproceedings{streamscope,
  title={Streamscope: continuous reliable distributed processing of big data streams},
  author={Lin, Wei and Qian, Zhengping and Xu, Junwei and Yang, Sen and Zhou, Jingren and Zhou, Lidong},
  booktitle={USENIX Symposium on Networked Systems Design and Implementation (NSDI'16)},
  pages={439--453},
}

@inproceedings{dryad,
  title={Dryad: distributed data-parallel programs from sequential building blocks},
  author={Isard, Michael and Budiu, Mihai and Yu, Yuan and Birrell, Andrew and Fetterly, Dennis},
  booktitle={ACM SIGOPS operating systems review},
  volume={41},
  number={3},
  pages={59--72},
  year={2007},
  organization={ACM}
}

@inproceedings{piccolo,
 author = {Power, Russell and Li, Jinyang},
 title = {{Piccolo: Building Fast, Distributed Programs with Partitioned Tables}},
 booktitle = {USENIX Conference on Operating Systems Design and Implementation (OSDI)},
 year = {2010},
 pages = {293--306},
} 

@inproceedings{dsm1,
 author = {Carter, John B. and Bennett, John K. and Zwaenepoel, Willy},
 title = {Implementation and Performance of Munin},
 booktitle = {ACM Symposium on Operating Systems Principles (SOSP)},
 year = {1991},
 pages = {152--164},
} 

@article{dsm2,
 author = {Li, Kai and Hudak, Paul},
 title = {Memory Coherence in Shared Virtual Memory Systems},
 journal = {ACM Transactions on Computer Systems (TOCS)},
 volume = {7},
 number = {4},
 year = {1989},
 pages = {321--359},
}

@article{dsm3,
 author = {Nitzberg, Bill and Lo, Virginia},
 title = {{Distributed Shared Memory: A Survey of Issues and Algorithms}},
 journal = {Computer},
 volume = {24},
 number = {8},
 year = {1991},
 pages = {52--60},
 numpages = {9},
} 

@inproceedings{chubby,
 author = {Burrows, Mike},
 title = {{The Chubby Lock Service for Loosely-coupled Distributed Systems}},
 booktitle = {USENIX Conference on Operating Systems Design and Implementation (OSDI)},
 year = {2006},
 pages = {335--350},
}

@inproceedings{treadmarks,
 author = {Keleher, Pete and Cox, Alan L. and Dwarkadas, Sandhya and Zwaenepoel, Willy},
 title = {{TreadMarks: Distributed Shared Memory on Standard Workstations and Operating Systems}},
 booktitle = {USENIX Winter Technical Conference (WTEC)},
 year = {1994},
} 

@inproceedings{gfs,
 author = {Ghemawat, Sanjay and Gobioff, Howard and Leung, Shun-Tak},
 title = {The Google File System},
 booktitle = {ACM Symposium on Operating Systems Principles (SOSP)},
 year = {2003},
 pages = {29--43},
}

@article{graphlab,
  title={{GraphLab: A New Framework For Parallel Machine Learning}},
  author={Low, Yucheng and Gonzalez, Joseph E and Kyrola, Aapo and Bickson, Danny and Guestrin, Carlos E and Hellerstein, Joseph},
  journal={arXiv preprint arXiv:1408.2041},
  year={2014}
}

@inproceedings{ligra,
 author = {Shun, Julian and Blelloch, Guy E.},
 title = {{Ligra: A Lightweight Graph Processing Framework for Shared Memory}},
 booktitle = {ACM SIGPLAN Symposium on Principles and Practice of Parallel Programming (PPoP)},
 year = {2013},
}

@misc{serverlesssurvey2,
 title = {{2018 Serverless Community Survey: huge growth in serverless usage}},
 howpublished = "\url{https://bit.ly/2Mu5TCR}",
}

@misc{mongo-shard,
 title = {{MongoDB: Sharded Cluster Balancer}},
 howpublished = "\url{https://docs.mongodb.com/manual/core/sharding-balancer-administration/#sharding-migration-thresholds}",
}

@misc{ceph-shard,
 title = {{Ceph: Dynamic Bucket Index Resharding}},
 howpublished = "\url{https://docs.ceph.com/docs/mimic/radosgw/dynamicresharding/}",
}

@misc{ht-resizing,
 title = {{Resizing a hash-table}},
 howpublished = "\url{http://www.mathcs.emory.edu/~cheung/Courses/554/Syllabus/3-index/resize-hash.html}",
}

@misc{s3lifecycle,
 title = {{Amazon S3: Object Lifecycle Management}},
 howpublished = "\url{https://docs.aws.amazon.com/AmazonS3/latest/dev/object-lifecycle-mgmt.html
}"
}

@misc{udf1,
 title = {{Postgres: User defined Functions}},
 howpublished = "\url{https://www.postgresql.org/docs/8.0/xfunc.html}",
}

@misc{udf2,
 title = {{Oracle: User defined Functions}},
 howpublished = "\url{https://docs.oracle.com/cd/B19306_01/server.102/b14200/functions231.htm}",
}

@misc{udf3,
 title = {{SQL Server: User defined Functions}},
 howpublished = "\url{https://docs.microsoft.com/en-us/sql/relational-databases/user-defined-functions/user-defined-functions}",
}

@misc{storedprocedure1,
 title = {{Postgres: Stored Procedures}},
 howpublished = "\url{https://www.postgresql.org/docs/11/sql-createprocedure.html}",
}

@misc{storedprocedure2,
 title = {{Oracle: Stored Procedures}},
 howpublished = "\url{https://docs.oracle.com/cd/B28359_01/appdev.111/b28843/tdddg_procedures.htm}",
}

@misc{storedprocedure3,
 title = {{SQL Server: Stored Procedures}},
 howpublished = "\url{https://docs.microsoft.com/en-us/sql/relational-databases/stored-procedures/create-a-stored-procedure?view=sql-server-2017}",
}

@misc{tpcds,
 title = {{TPC-DS}},
 howpublished = "\url{http://www.tpc.org/tpcds/}",
}

@misc{kafka,
 title = {{Apache Kafka}},
 howpublished = "\url{https://kafka.apache.org}",
}

@misc{flink,
 title = {{Apache Flink}},
 howpublished = "\url{https://flink.apache.org}",
}

@misc{hive,
 title = {{Apache Hive}},
 howpublished = "\url{https://hive.apache.org}",
}

@misc{pricing1,
 title = {{AWS Lambda Pricing}},
 howpublished = "\url{https://aws.amazon.com/lambda/pricing}",
}

@misc{pricing2,
 title = {{Azure Functions pricing}},
 howpublished = "\url{https://azure.microsoft.com/en-us/pricing/details/functions}",
}

@misc{pricing3,
 title = {{Google Cloud Functions pricing}},
 howpublished = "\url{https://cloud.google.com/functions/pricing}",
}

@misc{s3consistency,
 title = {{Amazon S3 Data Consistency Model}},
 howpublished = "\url{https://docs.aws.amazon.com/AmazonS3/latest/dev/Introduction.html#ConsistencyModel}",
}

@misc{craildocs,
 title = {{Apache Crail incubating Documentation}},
 howpublished = "\url{https://media.readthedocs.org/pdf/incubator-crail/latest/incubator-crail.pdf}",
}

@misc{redisdocs,
 title = {{Redis Cluster Specification}},
 howpublished = "\url{https://redis.io/topics/cluster-spec}",
}

@misc{s3expiration,
 title = {{Amazon S3 – Object Expiration}},
 howpublished = "\url{https://aws.amazon.com/blogs/aws/amazon-s3-object-expiration}",
}

@misc{redisexpiration,
 title = {{Redis EXPIRE semantics}},
 howpublished = "\url{https://redis.io/commands/expire}",
}

@misc{scalingredis,
 title = {{Scaling Redis (cluster mode enabled) Clusters}},
 howpublished = "\url{https://docs.aws.amazon.com/AmazonElastiCache/latest/red-ug/scaling-redis-cluster-mode-enabled.html}",
}

@misc{sparksql,
 title = {{Spark SQL}},
 howpublished = "\url{https://spark.apache.org/sql/}",
}

@misc{mllib,
 title = {{MLlib}},
 howpublished = "\url{https://spark.apache.org/docs/latest/ml-guide.html}",
}

@article{bsp,
 author = {Cormen, Thomas H. and Goodrich, Michael T.},
 title = {A Bridging Model for Parallel Computation, Communication, and I/O},
 journal = {ACM Comput. Surv.},
 year = {1996},
 issn = {0360-0300},
 articleno = {208},
} 

@misc{sparkonlambda,
 title = {{Qubole Announces Apache Spark on AWS Lambda}},
 howpublished = "\url{https://www.qubole.com/blog/spark-on-aws-lambda}",
}

@misc{serverlessspark,
 title = {{Serverless Machine Learning on Modern Hardware Using Apache Spark}},
 howpublished = "\url{https://databricks.com/session/serverless-machine-learning-on-modern-hardware-using-apache-spark}",
}

@misc{serverlesssurvey,
 title = {{State of the Serverless Community Survey Results}},
 howpublished = "\url{https://serverless.com/blog/state-of-serverless-community}",
}

@misc{crail,
 title = {{Apache Crail}},
 howpublished = "\url{http://crail.apache.org}",
}

@misc{sns,
 title = {{Amazon Simple Notification Service (SNS)}},
 howpublished = "\url{https://aws.amazon.com/sns}",
}

@misc{redisnotif,
 title = {{Redis Keyspace Notifications}},
 howpublished = "\url{https://redis.io/topics/notifications}",
}

@misc{dynamodbscaling,
 title = {{The problems with DynamoDB Auto Scaling and how it might be improved}},
 howpublished = "\url{https://tinyurl.com/y3qxuctd}",
}

@misc{dynamodblimits,
 title = {{Limits in DynamoDB}},
 howpublished = "\url{https://docs.aws.amazon.com/amazondynamodb/latest/developerguide/Limits.html}",
}

@misc{dynamodbconsistency,
 title = {{Throughput Capacity for Reads and Writes}},
 howpublished = "\url{https://docs.aws.amazon.com/amazondynamodb/latest/developerguide/HowItWorks.ProvisionedThroughput.html}",
}

@misc{azureblobstorage,
 title = {{Introduction to object storage in Azure}},
 howpublished = "\url{https://docs.microsoft.com/en-us/azure/storage/blobs/storage-blobs-introduction}",
}

@misc{hadoop,
 title = {{Apache Hadoop}},
 howpublished = "\url{https://hadoop.apache.org/}",
}

@misc{hdfs,
 title = {{Hadoop Distributed File System}},
 howpublished = "\url{https://hadoop.apache.org/docs/r1.2.1/hdfs_design.html}",
}

@misc{hcfs,
 title = {{Filesystem Compatibility with Apache Hadoop}},
 howpublished = "\url{https://wiki.apache.org/hadoop/HCFS}",
}

@misc{hdfsovers3,
 title = {{S3 Support in Apache Hadoop}},
 howpublished = "\url{https://wiki.apache.org/hadoop/AmazonS3}",
}

@misc{ebs,
 title = {{Amazon Elastic Block Store}},
 howpublished = "\url{https://aws.amazon.com/ebs}",
}

@misc{kinesis,
 title = {{Amazon Kinesis}},
 howpublished = "\url{https://aws.amazon.com/kinesis}",
}

@misc{pythongc,
 title = {{Python Garbage Collection}},
 howpublished = "\url{https://www.python.org/dev/peps/pep-0556}",
}

@misc{javagc,
 title = {{Java Garbage Collection}},
 howpublished = "\url{http://www.oracle.com/webfolder/technetwork/tutorials/obe/java/gc01/index.html}",
}

@article{kafkalogging,
 author = {Wang, Guozhang and Koshy, Joel and Subramanian, Sriram and Paramasivam, Kartik and Zadeh, Mammad and Narkhede, Neha and Rao, Jun and Kreps, Jay and Stein, Joe},
 title = {{Building a Replicated Logging System with Apache Kafka}},
 journal = {Proceedings of the VLDB Endowment},
 volume = {8},
 number = {12},
 year = {2015},
 pages = {1654--1655},
} 

@article{rsvp,
  title={{RSVP: A new resource reservation protocol}},
  author={Zhang, Lixia and Deering, Steve and Estrin, Deborah and Shenker, Scott and Zappala, Daniel},
  journal={IEEE Network},
  volume={7},
  number={5},
  pages={8--18},
  year={1993},
}

@inproceedings{pisces,
 author = {Shue, David and Freedman, Michael J. and Shaikh, Anees},
 title = {Performance Isolation and Fairness for Multi-tenant Cloud Storage},
 booktitle = {USENIX Conference on Operating Systems Design and Implementation (OSDI)},
 year = {2012},
 pages = {349--362},
} 

@inproceedings {excamera,
author = {Sadjad Fouladi and Riad S. Wahby and Brennan Shacklett and Karthikeyan Vasuki Balasubramaniam and William Zeng and Rahul Bhalerao and Anirudh Sivaraman and George Porter and Keith Winstein},
title = {{Encoding, Fast and Slow: Low-Latency Video Processing Using Thousands of Tiny Threads}},
  booktitle = {USENIX Symposium on Networked Systems Design and Implementation (NSDI'17)},
  pages = {363--376},
}

@inproceedings{cstore, 
  author = {Michael Stonebraker and Daniel J. Abadi and Adam Batkin and Xuedong Chen and Mitch Cherniack and Miguel Ferreira and Edmond Lau and Amerson Lin and Samuel R. Madden and Elizabeth J. O'Neil and Patrick E. O'Neil and Alexander Rasin and Nga Tran and Stan B. Zdonik}, 
  title = {{C-Store: A Column-Oriented DBMS}}, 
  booktitle = {International Conference on Very Large Data Bases (VLDB)}, 
  year = {2005}
};

@article{bowtie,
  title={Ultrafast and memory-efficient alignment of short DNA sequences to the human genome},
  author={Langmead, Ben and Trapnell, Cole and Pop, Mihai and Salzberg, Steven L and others},
  journal={Genome Biol},
  volume={10},
  number={3},
  pages={R25},
  year={2009}
}

@inproceedings{dimakis1,
  title={Xoring elephants: Novel erasure codes for big data},
  author={Sathiamoorthy, Maheswaran and Asteris, Megasthenis and Papailiopoulos, Dimitris and Dimakis, Alexandros G and Vadali, Ramkumar and Chen, Scott and Borthakur, Dhruba},
  booktitle={Proceedings of the VLDB Endowment},
  volume={6},
  number={5},
  pages={325--336},
  year={2013},
  organization={VLDB Endowment}
}

@misc{athena,
  author={Amazon},
  title = {{Amazon Athena}},
  howpublished = {\url{https://aws.amazon.com/athena}}
}

@misc{aurora,
  author={Amazon},
  title = {{Amazon Aurora Serverless}},
  howpublished = {\url{https://aws.amazon.com/rds/aurora/serverless}}
}

@misc{azuresqldw,
  author={Azure},
  title = {{Azure SQL Data Warehouse}},
  howpublished={\url{https://azure.microsoft.com/en-us/services/sql-data-warehouse}}
}

@misc{dhcplease,
  author={Droms, R.},
  title = {{RFC 2131: Dynamic Host Configuration Protocol}},
  howpublished={\url{https://www.ietf.org/rfc/rfc2131.txt}},
  year={1997},
}

@inproceedings{chainreplication,
 author = {van Renesse, Robbert and Schneider, Fred B.},
 title = {{Chain Replication for Supporting High Throughput and Availability}},
 booktitle = {USENIX Symposium on Operating Systems Design and Implementation (OSDI)},
 year = {2004},
 pages = {7--7},
 numpages = {1},
}

@book{gray1989leases,
  title={Leases: An efficient fault-tolerant mechanism for distributed file cache consistency},
  author={Gray, Cary and Cheriton, David},
  volume={23},
  number={5},
  year={1989},
  publisher={ACM}
}

@inproceedings{sintel,
 author = {Roosendaal, Ton},
 title = {Sintel},
 booktitle = {ACM SIGGRAPH Computer Animation Festival},
 year = {2011},
}

@Inbook{statmux,
  author="Likhanov, Nikolay B. and Mazumdar, Ravi R. and Th{\'e}berge, Fran{\c{c}}ois",
  editor="Boukas, El K{\'e}bir and Malham{\'e}, Roland P.",
  title="Providing QoS in Large Networks: Statistical Multiplexing and Admission Control",
  bookTitle="Analysis, Control and Optimization of Complex Dynamic Systems",
  year="2005",
  publisher="Springer US",
  pages="137--167",
}

@article{dcaac,
  title={The datacenter as a computer: An introduction to the design of warehouse-scale machines},
  author={Barroso, Luiz Andr{\'e} and Clidaras, Jimmy and H{\"o}lzle, Urs},
  journal={Synthesis lectures on computer architecture},
  volume={8},
  number={3},
  pages={1--154},
  year={2013},
  publisher={Morgan \& Claypool Publishers}
}

@article{terasort,
  title={Terabyte sort on apache hadoop},
  author={O’Malley, Owen},
  year={2008}
}

@misc{gensort,
  title = {{gensort Data Generator}},
  howpublished = {\url{http://www.ordinal.com/gensort.html}}
}

@misc{openwhisk,
  title = {{Apache OpenWhisk}},
  howpublished = {\url{https://openwhisk.apache.org}}
}

@misc{s3,
  title = {{Amazon S3}},
  howpublished = {\url{https://aws.amazon.com/s3}}
}

@misc{googlecloudstorage,
  title = {{Google Cloud Storage}},
  howpublished = {\url{https://cloud.google.com/storage/}}
}

@misc{elasticache,
  title = {{Amazon ElastiCache}},
  howpublished = {\url{https://aws.amazon.com/elasticache}}
}

@misc{azurecache,
  title = {{Azure Cache for Redis}},
  howpublished = {\url{https://azure.microsoft.com/en-us/services/cache/}}
}

@misc{memorystore,
  title = {{Google Cloud Memorystore}},
  howpublished = {\url{https://cloud.google.com/memorystore/}}
}

@misc{hiveonS3,
  author={Hortonworks},
  title={{Using Apache Hive with Amazon S3}},
  howpublished = {\url{https://hortonworks.github.io/hdp-aws/s3-hive}}
}

@misc{alambda,
  title = {{AWS Lamda}},
  howpublished = {\url{https://aws.amazon.com/lambda/}}
}

@misc{ec2,
  title = {{Amazon EC2}},
  howpublished = {\url{https://aws.amazon.com/ec2/}}
}

@misc{wikipedia,
  title = {{Wikipedia Dataset}},
  howpublished = {\url{https://en.wikipedia.org/wiki/Wikipedia:Database_download}}
}

@misc{azureFunctions,
  title = {{Azure Functions}},
  howpublished = {\url{https://azure.microsoft.com/en-us/services/functions}}
}

@misc{googlefunctions,
  title = {{Google Cloud Functions}},
  howpublished = {\url{https://cloud.google.com/functions}}
}

@inproceedings{pywren,
  title={Occupy the cloud: distributed computing for the 99\%},
  author={Jonas, Eric and Pu, Qifan and Venkataraman, Shivaram and Stoica, Ion and Recht, Benjamin},
  booktitle={Proceedings of the 2017 Symposium on Cloud Computing},
  pages={445--451},
  year={2017},
  organization={ACM}
}

@inproceedings{locus,
  title={Shuffling, fast and slow: scalable analytics on serverless infrastructure},
  author={Pu, Qifan and Venkataraman, Shivaram and Stoica, Ion},
  booktitle={16th USENIX Symposium on Networked Systems Design and Implementation (NSDI'19)},
  pages={193--206},

}

@article{ivy,
  title={IVY: A Shared Virtual Memory System for Parallel Computing.},
  author={Li, Kai},
  journal={ICPP (2)},
  volume={88},
  pages={94},
  year={1988}
}

@book{mirage,
  title={Mirage: A coherent distributed shared memory design},
  author={Fleisch, Brett and Popek, Gerald},
  volume={23},
  number={5},
  year={1989},
  publisher={ACM}
}

@inproceedings{dsmdir,
  title={Distributed shared memory: Where we are and where we should be headed},
  author={Carter, John B and Khandekar, Dilip and Kamb, Linus},
  booktitle={Proceedings 5th Workshop on Hot Topics in Operating Systems (HotOS-V)},
  pages={119--122},
  year={1995},
  organization={IEEE}
}

@article{clouds,
  title={The Clouds distributed operating system},
  author={Dasgupta, Partha and LeBlanc, Richard J and Ahamad, Mustaque and Ramachandran, Umakishore},
  journal={Computer},
  volume={24},
  number={11},
  pages={34--44},
  year={1991},
  publisher={IEEE}
}

@article{emerald,
  title={Fine-grained mobility in the Emerald system},
  author={Jul, Eric and Levy, Henry and Hutchinson, Norman and Black, Andrew},
  journal={ACM Transactions on Computer Systems (TOCS)},
  volume={6},
  number={1},
  pages={109--133},
  year={1988},
  publisher={ACM}
}


@inproceedings {f4,
  author = {Subramanian Muralidhar and Wyatt Lloyd and Sabyasachi Roy and Cory Hill and Ernest Lin and Weiwen Liu and Satadru Pan and Shiva Shankar and Viswanath Sivakumar and Linpeng Tang and Sanjeev Kumar},
  title = {f4: Facebook{\textquoteright}s Warm BLOB Storage System},
  booktitle = {USENIX Symposium on Operating Systems Design and Implementation (OSDI)},
  year = {2014},
  pages = {383--398},
};


@article{backpressure,
  title={Analysis of join-the-shortest-queue routing for web server farms},
  author={Gupta, Varun and Balter, Mor Harchol and Sigman, Karl and Whitt, Ward},
  journal={Performance Evaluation},
  volume={64},
  number={9},
  pages={1062--1081},
  year={2007},
  publisher={Elsevier}
}

@inproceedings{skew1,
  title={Skew-aware automatic database partitioning in shared-nothing, parallel OLTP systems},
  author={Pavlo, Andrew and Curino, Carlo and Zdonik, Stanley},
  booktitle={ACM SIGMOD International Conference on Management of Data},
  pages={61--72},
  year={2012},
};

@inproceedings{rashmi1,
 author = {Rashmi, K. V. and Shah, Nihar B. and Gu, Dikang and Kuang, Hairong and Borthakur, Dhruba and Ramchandran, Kannan},
 title = {A Solution to the Network Challenges of Data Recovery in Erasure-coded Distributed Storage Systems: A Study on the Facebook Warehouse Cluster},
 booktitle = {USENIX Conference on Hot Topics in Storage and File Systems (HotStorage)},
 year = {2013},
 pages = {8--8},
};


@article{skew2,
  title={Schism: a workload-driven approach to database replication and partitioning},
  author={Curino, Carlo and Jones, Evan and Zhang, Yang and Madden, Sam},
  journal={Proceedings of the VLDB Endowment},
  volume={3},
  number={1-2},
  pages={48--57},
  year={2010},
  publisher={VLDB Endowment}
};

@inproceedings{skew3,
  title={A Taxonomy and Performance Model of Data Skew Effects in Parallel Joins.},
  author={Walton, Christopher B and Dale, Alfred G and Jenevein, Roy M},
  booktitle={VLDB},
  volume={91},
  pages={537--548},
  year={1991}
}

@inproceedings{cstore-comp, 
  author = {Daniel J. Abadi and Samuel R. Madden and Miguel Ferreira},
  title = {{Integrating Compression and Execution in Column-Oriented Database Systems}}, 
  booktitle = {ACM International Conference on Management of Data (SIGMOD)},
  year = {2006} 
};

@inproceedings{cvsrs, 
  author = {{Daniel J. Abadi and Samuel R. Madden and Nabil Hachem}},
  title = {{Column-Stores vs. Row-Stores: How Different Are They Really?}}, 
  booktitle = {ACM International Conference on Management of Data (SIGMOD)}, 
  year = {2008}
};

@inproceedings{suffixarray,
  author = {Manber, Udi and Myers, Gene},
  title = {{Suffix Arrays: A New Method for On-line String Searches}},
  booktitle = {ACM-SIAM Symposium on Discrete Algorithms (SODA)},
  year = {1993}
}

@inproceedings{exaccess,
  author = {Tu, Stephen and Zheng, Wenting and Kohler, Eddie and Liskov, Barbara and Madden, Samuel},
  title = {{Speedy Transactions in Multicore In-memory Databases}},
  booktitle = {ACM Symposium on Operating Systems Principles (SOSP)},
  year = {2013}
}

@inproceedings{optlock,
  author = {Mao, Yandong and Kohler, Eddie and Morris, Robert Tappan},
  title = {{Cache Craftiness for Fast Multicore Key-value Storage}},
  booktitle = {ACM European Conference on Computer Systems (EuroSys)},
  year = {2012}
};

@inproceedings{lockfds,
  author = {Michael, Maged M},
  title = {{High Performance Dynamic Lock-free Hash Tables and List-based Sets}},
  booktitle = {ACM Symposium on Parallel Algorithms and Architectures (SPAA)},
  year = {2002}
}

@article{bwt,
  author = {Burrows, Michael and Wheeler, David J},
  title = {{A block-sorting lossless data compression algorithm}},
  year = {1994}
}

@article{suffixtree,
  author = {Sadakane, Kunihiko},
  title = {{Compressed Suffix Trees with Full Functionality}},
  journal = {Theory of Computing Systems},
  volume = {41},
  number = {4},
  pages = {589--607},
  year = {2007}
};

@article{saconst,
  author = {Ukkonen, Esko},
  title = {{On-Line Construction of Suffix Trees}},
  journal = {Algorithmica},
  volume = {14},
  pages = {249--260},
  year = {1995}
};

@article{selfindex,
  author = {Sadakane, Kunihiko},
  title = {{New Text Indexing Functionalities of the Compressed Suffix Arrays}},
  journal = {Journal of Algorithms},
  volume = {48},
  number = {2},
  pages = {294--313},
  year = {2003}
};

@inproceedings{anvil,
  author = {Mammarella, Mike and Hovsepian, Shant and Kohler, Eddie},
  title = {{Modular Data Storage with Anvil}},
  booktitle = {ACM Symposium on Operating Systems Principles (SOSP)},
  year = {2009}
};

@inproceedings{rashmi2,
  title={A hitchhiker's guide to fast and efficient data reconstruction in erasure-coded data centers},
  author={Rashmi, KV and Shah, Nihar B and Gu, Dikang and Kuang, Hairong and Borthakur, Dhruba and Ramchandran, Kannan},
  booktitle={Proceedings of the 2014 ACM conference on SIGCOMM},
  pages={331--342},
  year={2014},
  organization={ACM}
};

@inproceedings{azureerasure,
  title={Erasure Coding in Windows Azure Storage.},
  author={Huang, Cheng and Simitci, Huseyin and Xu, Yikang and Ogus, Aaron and Calder, Brad and Gopalan, Parikshit and Li, Jin and Yekhanin, Sergey and others},
  booktitle={USENIX Annual Technical Conference},
  pages={15--26},
  year={2012}
};

@misc{rslib,
  title = {{TPC-H}},
  howpublished = "\url{https://github.com/catid/longhair}",
};


@misc{csai1,
  title = {{Pizza\&Chili Corpus: Compressed Indexes and their Testbeds}},
  howpublished = "\url{http://pizzachili.dcc.uchile.cl/indexes/Compressed_Suffix_Array/}",
};

@inproceedings{sasize,
  author = {Hon, Wing-Kai and Lam, Tak Wah and Sung, Wing-Kin and Tse, Wai-Leuk and Wong, Chi-Kwong and Yiu, Siu-Ming},
  title = {{Practical aspects of Compressed Suffix Arrays and FM-Index in Searching DNA Sequences}},
  booktitle = {Workshop on Algorithm Engineering and Experiments and the First Workshop on Analytic Algorithmics and Combinatorics (ALENEX/ANALC)},
  year = {2004}
}

@misc{deltaencoding,
  title = {{Delta Encoding}},
  howpublished = "\url{http://en.wikipedia.org/wiki/Delta_encoding}",
};

@misc{sawiki,
  title = {{Suffix Array}},
  howpublished = "\url{http://en.wikipedia.org/wiki/Suffix_array}",
};


@misc{stwiki,
  title = {{Suffix Tree}},
  howpublished = "\url{http://en.wikipedia.org/wiki/Suffix_tree}",
};


@misc{couchdb,
  title = {{CouchDB}},
  howpublished = "\url{http://couchdb.apache.org}"
};

@misc{csai2,
  title = {{SDSL}},
  howpublished = "\url{https://github.com/simongog/sdsl-lite}"
};

@misc{elasticsearch,
  title = {{Elasticsearch}},
  howpublished = "\url{http://www.elasticsearch.org}",
};


@misc{hbase,
  title = {{Apache HBase}},
  howpublished = "\url{https://hbase.apache.org/}"
};

@misc{impala,
  title = {{Cloudera Impala}},
  howpublished = "\url{http://www.cloudera.com/content/cloudera/en/products-and-services/cdh/impala.html}"
};

@misc{riak,
  title = {{Riak}},
  howpublished = "\url{http://basho.com/riak/}"
};

@misc{bug,
  title = {{Hyperdex Bug}},
  howpublished = "\url{https://groups.google.com/forum/#!msg/hyperdex-discuss/PUIpjMPEiAI/I3ZImpU7OtkJ}",
};

@misc{hana,
  title = {{SAP HANA}},
  howpublished = "\url{http://www.saphana.com/}"
};

@misc{presto,
  title = {{Presto}},
  howpublished = "\url{http://prestodb.io}"
};

@misc{leveldb,
  title = {{LevelDB}},
  howpublished = "\url{https://code.google.com/p/leveldb/}"
};

@misc{vertica-encoding,
  title = {{Vertica Compression Techniques}},
  howpublished = "\url{https://my.vertica.com/docs/5.0/HTML/Master/9273.htm}"
  
};

@misc{vertica-forum,
  title = {{Vertica Does Not Compute on Compressed Data}},
  howpublished = "\url{http://tinyurl.com/l36w8xs}"
};

@inproceedings{techreport,
  author = {Rachit Agarwal and Anurag Khandelwal and Ion Stoica},
  title = {{Succinct: Enabling Queries on Compressed Data}},
  booktitle = {Technical Report, UC Berkeley},
  volume = {},
  number = {},
  pages = {},
  year = {2014}
};


@inproceedings{kvworkload,
  author = {Atikoglu, Berk and Xu, Yuehai and Frachtenberg, Eitan and Jiang, Song and Paleczny, Mike},
  title = {{Workload Analysis of a Large-scale Key-value Store}},
  booktitle = {ACM SIGMETRICS Performance Evaluation Review},
  volume = {40},
  number = {1},
  pages = {53--64},
  year = {2012}
};

@inproceedings{scalingmemcached,
  author = {Nishtala, Rajesh and Fugal, Hans and Grimm, Steven and Kwiatkowski, Marc and Lee, Herman and Li, Harry C and McElroy, Ryan and Paleczny, Mike and Peek, Daniel and Saab, Paul and others},
  title = {{Scaling Memcache at Facebook}},
  booktitle = {USENIX Symposium on Networked Systems Design and Implementation (NSDI'13)},
};

@article{tailatscale,
  author = {Dean, Jeffrey and Barroso, Luiz Andr{\'e}},
  title = {{The Tail at Scale}},
  journal = {Communications of the ACM},
  volume = {56},
  number = {2},
  pages = {74--80},
  year = {2013}
};

@inproceedings{mica,
  author = {Lim, Hyeontaek and Han, Dongsu and Andersen, David G and Kaminsky, Michael},
  title = {{MICA: A Holistic Approach to Fast In-memory Key-value Storage}},
  booktitle = {USENIX Symposium on Networked Systems Design and Implementation (NSDI'14)}
};

@inproceedings{shark,
  author = {Engle, Cliff and Lupher, Antonio and Xin, Reynold and Zaharia, Matei and Franklin, Michael J and Shenker, Scott and Stoica, Ion},
  title = {{Shark: Fast Data Analysis Using Coarse-grained Distributed Memory}},
  booktitle = {ACM International Conference on Management of Data (SIGMOD)},
  year = {2012}
};

@inproceedings {remoteregions,
author = {Marcos K. Aguilera and Nadav Amit and Irina Calciu and Xavier Deguillard and Jayneel Gandhi and Stanko Novakovi{\'c} and Arun Ramanathan and Pratap Subrahmanyam and Lalith Suresh and Kiran Tati and Rajesh Venkatasubramanian and Michael Wei},
title = {Remote regions: a simple abstraction for remote memory},
booktitle = {{USENIX} Annual Technical Conference ({USENIX} {ATC}'18)},
}

@article{vertica,
  author = {Lamb, Andrew and Fuller, Matt and Varadarajan, Ramakrishna and Tran, Nga and Vandiver, Ben and Doshi, Lyric and Bear, Chuck},
  title = {{The Vertica Analytic Database: C-store 7 Years Later}},
  journal = {Proceedings of the VLDB Endowment},
  volume = {5},
  number = {12},
  pages = {1790--1801},
  year = {2012}
};

@inproceedings{spanner,
  author = {Corbett, James C and Dean, Jeffrey and Epstein, Michael and Fikes, Andrew and Frost, Christopher and Furman, JJ and Ghemawat, Sanjay and Gubarev, Andrey and Heiser, Christopher and Hochschild, Peter and others},
  title = {{Spanner: Google's Globally-distributed Database}},
  booktitle = {USENIX Symposium on Operating Systems Design and Implementation (OSDI)},
  year = {2012}
};

@inproceedings{fawnkv,
  author = {David G. Andersen and Jason Franklin and Michael Kaminsky and Amar Phanishayee and Lawrence Tan and Vijay Vasudevan},
  title = {{FAWN: A Fast Array of Wimpy Nodes}},
  booktitle = {ACM Symposium on Operating Systems Principles (SOSP)},
  year = {2009}
};

@misc{hypertable,
  title = {{HyperTable}},
  howpublished = "\url{http://www.hypertable.org}",
};

@inproceedings{silt,
  author = {Hyeontaek Lim and Bin Fan and David G. Andersen and Michael Kaminsky},
  title = {{SILT: A Memory-Efficient, High-Performance Key-Value Store}},
  booktitle = {ACM Symposium on Operating Systems Principles (SOSP)},
  year = {2011}
};

@inproceedings{zhou:sea2013,
  author = {Dong Zhou and David G. Andersen and Michael Kaminsky},
  title = {{Space-Efficient, High-Performance Rank and Select Structures on Uncompressed Bit Sequences}},
  booktitle = {International Symposium on Experimental Algorithms (SEA)},
  year = {2013}
};

@inproceedings{hyperdex,
  author = {Escriva, Robert and Wong, Bernard and Sirer, Emin G{\"u}n},
  title = {{HyperDex: A Distributed, Searchable Key-value Store}},
  booktitle = {ACM Conference on Applications, Technologies, Architectures, and Protocols for Computer Communication (SIGCOMM)},
  year = {2012}
};

@inproceedings{bigtable,
  author = {Chang, Fay and Dean, Jeffrey and Ghemawat, Sanjay and Hsieh, Wilson C and Wallach, Deborah A and Burrows, Mike and Chandra, Tushar and Fikes, Andrew and Gruber, Robert E},
  title = {{Bigtable: A Distributed Storage System for Structured Data}},
  booktitle = {USENIX Symposium on Operating Systems Design and Implementation (OSDI)},
  year = {2006}
};

@article{cassandra,
  author = {Lakshman, Avinash and Malik, Prashant},
  title = {{Cassandra: A Decentralized Structured Storage System}},
  journal = {ACM SIGOPS Operating Systems Review},
  volume = {44},
  number = {2},
  pages = {35--40},
  year = {2010}
};

@inproceedings{dynamo,
  author = {DeCandia, Giuseppe and Hastorun, Deniz and Jampani, Madan and Kakulapati, Gunavardhan and Lakshman, Avinash and Pilchin, Alex and Sivasubramanian, Swaminathan and Vosshall, Peter and Vogels, Werner},
  title = {{Dynamo: Amazon's Highly Available Key-value Store}},
  booktitle = {ACM Symposium on Operating Systems Principles (SOSP)},
  year = {2007}
};

@inproceedings{dynamodb,
  author = {Sivasubramanian, Swaminathan},
  title = {{Amazon dynamoDB: A Seamlessly Scalable Non-relational Database Service}},
  booktitle = {ACM International Conference on Management of Data (SIGMOD)},
  year = {2012}
}

@inproceedings{voldemort,
  author = {Sumbaly, Roshan and Kreps, Jay and Gao, Lei and Feinberg, Alex and Soman, Chinmay and Shah, Sam},
  title = {{Serving large-scale batch computed data with project voldemort}},
  booktitle = {USENIX Conference on File and Storage Technologies (FAST)},
  year = {2012}
}

@inproceedings{masstree,
  author = {Mao, Yandong and Kohler, Eddie and Morris, Robert Tappan},
  title = {{Cache Craftiness for Fast Multicore Key-value Storage}},
  booktitle = {ACM European Conference on Computer Systems (EuroSys)},
  year = {2012}
}

@article{stsize,
 author = {Kurtz, Stefan},
 title = {{Reducing the Space Requirement of Suffix Trees}},
 journal = {Software: Practice and Experience},
 volume = {29},
 number = {13},
 year = {1999},
 pages = {1149--1171}
} 

@inproceedings{cops,
  author = {Lloyd, Wyatt and Freedman, Michael J and Kaminsky, Michael and Andersen, David G},
  title = {{Don't Settle for Eventual: Scalable Causal Consistency for Wide-area Storage with COPS}},
  booktitle = {ACM Symposium on Operating Systems Principles (SOSP)},
  year = {2011}
}

@inproceedings{tssl,
  author = {Spillane, Richard P and Shetty, Pradeep J and Zadok, Erez and Dixit, Sagar and Archak, Shrikar},
  title = {{An Efficient Multi-tier Tablet Server Storage Architecture}},
  booktitle = {ACM Symposium on Cloud Computing (SoCC)},
  year = {2011}
}

@article{spinnaker,
  author = {Rao, Jun and Shekita, Eugene J and Tata, Sandeep},
  title = {{Using Paxos to Build a Scalable, Consistent, and Highly Available Datastore}},
  journal = {Proceedings of the VLDB Endowment},
  volume = {4},
  number = {4},
  pages = {243--254},
  year = {2011}
}

@article{lazybase,
  author = {Keeton, Kimberly and Morrey III, Charles B and Soules, Craig AN and Veitch, Alistair},
  title = {{LazyBase: Freshness vs. Performance in Information Management}},
  journal = {ACM SIGOPS Operating Systems Review},
  volume = {44},
  number = {1},
  pages = {15--19},
  year = {2010}
}

@inproceedings{tachyon,
  author = {Li, Haoyuan and Ghodsi, Ali and Zaharia, Matei and Shenker, Scott and Stoica, Ion},
  title = {{Tachyon: Reliable, Memory Speed Storage for Cluster Computing Frameworks}},
  booktitle = {ACM Symposium on Cloud Computing (SoCC)},
  year = {2014}
}

@article{csa1,
  author = {Grossi, Roberto and Vitter, Jeffrey Scott},
  title = {{Compressed Suffix Arrays and Suffix Trees with Applications to Text Indexing and String Matching}},
  journal = {SIAM Journal on Computing},
  volume = {35},
  number = {2},
  pages = {378--407},
  year = {2005}
}

@incollection{csa2,
  author = {Sadakane, Kunihiko},
  title = {{Compressed Text Databases with Efficient Query Algorithms Based on the Compressed Suffix Array}},
  booktitle = {International Conference on Algorithms and Computation (ISAAC)},
  year = {2000}
}

@inproceedings{csa3,
  author = {Sadakane, Kunihiko},
  title = {{Succinct Representations of Lcp Information and Improvements in the Compressed Suffix Arrays}},
  booktitle = {ACM-SIAM Symposium on Discrete Algorithms (SODA)},
  year = {2002}
}

@article{csa4,
  author = {Sadakane, Kunihiko},
  title = {{New Text Indexing Functionalities of the Compressed Suffix Arrays}},
  journal = {Journal of Algorithms},
  volume = {48},
  number = {2},
  pages = {294--313},
  year = {2003}
}

@inproceedings{csasoda,
  author = {Grossi, Roberto and Gupta, Ankur and Vitter, Jeffrey Scott},
  title = {{High-order Entropy-compressed Text Indexes}},
  booktitle = {ACM-SIAM Symposium on Discrete Algorithms (SODA)},
  year = {2003}
}

@article{navarro2007compressed,
  author = {Navarro, Gonzalo and M{\"a}kinen, Veli},
  title = {{Compressed full-text indexes}},
  journal = {ACM Computing Surveys (CSUR)},
  volume = {39},
  number = {1},
  articleno = {2},
  year = {2007}
};

@article{fm1,  
  author = {Ferragina, Paolo and Manzini, Giovanni},
  title = {{Indexing Compressed Text}},
  journal = {Journal of the ACM (JACM)},
  volume = {52},
  number = {4},
  pages = {552--581},
  year = {2005}
};

@inproceedings{fm2,
  author = {Ferragina, Paolo and Manzini, Giovanni},
  title = {{Opportunistic Data Structures with Applications}},
  booktitle = {IEEE Symposium on Foundations of Computer Science (FOCS)},
  year = {2000}
};

@inproceedings{fm3,
  author = {Ferragina, Paolo and Manzini, Giovanni},
  title = {{An Experimental Study of an Opportunistic Index}},
  booktitle = {ACM-SIAM Symposium on Discrete Algorithms (SODA)},
  year = {2001}
};

@article{fm4,
  author = {Ferragina, Paolo and Manzini, Giovanni},
  title = {{An Experimental Study of a Compressed Index}},
  journal = {Information Sciences},
  volume = {135},
  number = {1},
  pages = {13--28},
  year = {2001}
};

@inproceedings{merge,
  author = {Sir{\'e}n, Jouni},
  title = {{Compressed Suffix Arrays for Massive Data}},
  booktitle = {String Processing and Information Retrieval},
  pages = {63--74},
  year = {2009}
};

@inproceedings{zookeeper,
  author = {Hunt, Patrick and Konar, Mahadev and Junqueira, Flavio Paiva and Reed, Benjamin},
  title = {{ZooKeeper: Wait-free Coordination for Internet-scale Systems}},
  booktitle = {USENIX Technical Conference (ATC)},
  year = {2010}
};

@inproceedings{scarlett,
 author = {Ananthanarayanan, Ganesh and Agarwal, Sameer and Kandula, Srikanth and Greenberg, Albert and Stoica, Ion and Harlan, Duke and Harris, Ed},
 title = {{Scarlett: Coping with Skewed Content Popularity in Mapreduce Clusters}},
 booktitle = {ACM European Conference on Computer Systems (EuroSys)},
 year = {2011},
};

@inproceedings{haystack,
 author = {Beaver, Doug and Kumar, Sanjeev and Li, Harry C. and Sobel, Jason and Vajgel, Peter},
 title = {{Finding a Needle in Haystack: Facebook's Photo Storage}},
 booktitle = {USENIX Conference on Operating Systems Design and Implementation (OSDI)},
 year = {2010},
};

@inproceedings{consistenthash,
 author = {Karger, David and Lehman, Eric and Leighton, Tom and Panigrahy, Rina and Levine, Matthew and Lewin, Daniel},
 title = {{Consistent Hashing and Random Trees: Distributed Caching Protocols for Relieving Hot Spots on the World Wide Web}},
 booktitle = {ACM Symposium on Theory of Computing (STOC)},
 year = {1997},
}

@misc{ssdvshdd,
  author = {Kasavajhala, Vamsee},
  title = {{Solid State Drive vs. Hard Disk Drive Price and Performance Study}},
  year = {2011},
  howpublished = "\url{http://i.dell.com/sites/doccontent/shared-content/data-sheets/en/Documents/ssd_vs_hdd_price_and_performance_study.pdf}",
}

@book{dcascomputer,
 author = {Hoelzle, Urs and Barroso, Luiz Andre},
 title = {The Datacenter As a Computer: An Introduction to the Design of Warehouse-Scale Machines},
 year = {2009},
} 